@inproceedings{paumard2018image,
  title={Image reassembly combining deep learning and shortest path problem},
  author={Paumard, Marie-Morgane and Picard, David and Tabia, Hedi},
  booktitle={Proceedings of the European Conference on Computer Vision (ECCV)},
  pages={153--167},
  year={2018}
}

@inproceedings{paumard2018jigsaw,
  title={Jigsaw puzzle solving using local feature co-occurrences in deep neural networks},
  author={Paumard, Marie-Morgane and Picard, David and Tabia, Hedi},
  booktitle={2018 25th IEEE International Conference on Image Processing (ICIP)},
  pages={1018--1022},
  year={2018},
  organization={IEEE}
}

@article{paumard2020deepzzle,
  title={Deepzzle: Solving Visual Jigsaw Puzzles With Deep Learning and Shortest Path Optimization},
  author={Paumard, Marie-Morgane and Picard, David and Tabia, Hedi},
  journal={IEEE Transactions on Image Processing},
  volume={29},
  pages={3569--3581},
  year={2020},
  publisher={IEEE}
}

@inproceedings{kim2018learning,
  title={Learning image representations by completing damaged jigsaw puzzles},
  author={Kim, Dahun and Cho, Donghyeon and Yoo, Donggeun and Kweon, In So},
  booktitle={2018 IEEE Winter Conference on Applications of Computer Vision (WACV)},
  pages={793--802},
  year={2018},
  organization={IEEE}
}

@inproceedings{noroozi2016unsupervised,
  title={Unsupervised learning of visual representations by solving jigsaw puzzles},
  author={Noroozi, Mehdi and Favaro, Paolo},
  booktitle={European Conference on Computer Vision},
  pages={69--84},
  year={2016},
  organization={Springer}
}

@inproceedings{santa2017deeppermnet,
  title={Deeppermnet: Visual permutation learning},
  author={Santa Cruz, Rodrigo and Fernando, Basura and Cherian, Anoop and Gould, Stephen},
  booktitle={Proceedings of the IEEE Conference on Computer Vision and Pattern Recognition},
  pages={3949--3957},
  year={2017}
}

@inproceedings{wei2019iterative,
  title={Iterative reorganization with weak spatial constraints: Solving arbitrary jigsaw puzzles for unsupervised representation learning},
  author={Wei, Chen and Xie, Lingxi and Ren, Xutong and Xia, Yingda and Su, Chi and Liu, Jiaying and Tian, Qi and Yuille, Alan L},
  booktitle={Proceedings of the IEEE Conference on Computer Vision and Pattern Recognition},
  pages={1910--1919},
  year={2019}
}

@inproceedings{gallagher2012jigsaw,
  title={Jigsaw puzzles with pieces of unknown orientation},
  author={Gallagher, Andrew C},
  booktitle={2012 IEEE Conference on Computer Vision and Pattern Recognition},
  pages={382--389},
  year={2012},
  organization={IEEE},
  url={https://ieeexplore.ieee.org/document/6247699},
  annote={Other/Similar}
}